<?xml version="1.0" encoding="UTF-8"?><collection xmlns="http://www.loc.gov/MARC21/slim"><record><leader>00380nam--2200133-i-4500</leader><controlfield tag="001">000029000</controlfield><controlfield tag="002">20161230</controlfield><controlfield tag="005">20161230201037</controlfield><controlfield tag="008">060222s1000------------r-----000-0-eng-d</controlfield><datafield ind1=" " ind2=" " tag="080"><subfield code="a">535.33-1:543.4</subfield></datafield><datafield ind1=" " ind2=" " tag="245"><subfield code="a">Laboratory methods in infrared spectroscopy.secon edition</subfield></datafield><datafield ind1=" " ind2=" " tag="260"><subfield code="a">London, Heyden And Son Ltd, 1972. Xxi + 375p</subfield></datafield><datafield ind1=" " ind2=" " tag="700"><subfield code="a">Miller, R.G.J., Stace, B.C</subfield></datafield><datafield ind1=" " ind2=" " tag="852"><subfield code="a">42741</subfield></datafield></record></collection>